@article{spanwagner1996,
  author = {R. Span and W. Wagner},
  title = {A new equation of state for carbon dioxide covering the fluid region
  from the triple-point temperature to 1100 K at pressures up to 800 MPa},
  journal = {J. Phys. Chem. Ref. Data},
  volume = {25},
  pages = {1509--1596},
  year = {1996}
}

@article{iapws1997,
  title = {Revised Release on the IAPWS Industrial Formulation 1997 for the
  Thermodynamic Properties of Water and Steam},
  url = {www.iapws.org/relguide/IF97-Rev.pdf},
  year = {2007}
}

@techreport{iapws1997region3,
  title = {Revised Supplementary Release on Backward Equations for Specific Volume
  as a Function of Pressure and Temperature v(p,T) for Region 3 of the
  IAPWS Industrial Formulation 1997 for the Thermodynamic Properties of Water
  and Steam},
  institution = {IAPWS},
  url = {www.iapws.org/relguide/Supp-VPT3-2016.pdf},
  year = {2014}
}

@article{vangenuchten1980,
  author = {van Genuchten, M. Th.},
  title = {A closed for equation for predicting the hydraulic conductivity of unsaturated soils},
  journal = {Soil Sci. Soc.},
  volume = {44},
  pages = {892--898},
  year = {1980)}
}

@techreport{pruess1999,
  author = {K. Pruess and C. Oldenburg and G. Moridis},
  title = {{TOUGH2 User's Guide, Version 2.0}},
  institution = {Lawrence Berkeley National Laboratory},
  address = {Berkeley CA, USA},
  number = {LBNL-43134},
  year = {1999},
}

@article{mathias2010,
  author = {Simon A. Mathias and Jon G. Gluyas and Curtis M. Oldenburg and Chin-Fu Tsang},
  title = {Analytical solution for Jouleâ€“Thomson cooling during {CO$_2$} geo-sequestration in depleted oil and gas reservoirs},
  journal = {International Journal of Greenhouse Gas Control},
  volume = {4},
  pages = {806--810},
  year = {2010}
}

@article{peaceman1983,
  author = {D. W. Peaceman},
  title = {Interpretation of well-block pressures in numerical reservoir simulation
  with nonsquare grid blocks and anisotropic permeability},
  journal = {SPE J.},
  volume = {23},
  pages = {531--543},
  year = {1983}
}

@article{chen2009,
  author = {Z. Chen and Y. Zhang},
  title = {Well flow models for various numerical methods},
  journal = {International Journal of Numerical Analysis and Modelling},
  volume = {6},
  pages = {375--388},
  year = {2009}
}

@article{broadbridge1988,
  author = {P Broadbridge and I. White},
  title = {Constant rate rainfall infiltration: A versatile nonlinear model, 1. Analytical solution},
  journal = {Water Resources Research},
  volume = {24},
  pages = {145--154},
  year = {1988}
}

@article{warrick1990,
  author = {A. W. Warrick and D. O. Lomen and A. Islas},
  title = {An analytical solution to Richards' Equation for a Draining Soil Profile},
  journal = {Water Resources Research},
  volume = {26},
  pages = {253--258},
  year = {1990}
}

@article{rsc1983,
  author = {C. Rogers and M. P. Stallybrass and D. L. Clements},
  title = {On two phase filtration under gravity and with boundary infiltration: application of a
  Backlund transformation},
  journal = {Nonlinear Analysis, Theory, Methods and Applications},
  volume = {7},
  pages = {785--799},
  year = {1983}
}

@article{millington-quirk1961,
  author = {R. J. Millington and J. P. Quirk},
  title = {Permeability of Porous Solids},
  journal = {Trans. Faraday Soc.},
  volume = {57},
  pages = {1200--1207},
  year = {1961}
}

@article{celia1990,
  author = {M.A. Celia, E. T. Bouloutas and R. L. Zabra},
  title = {A general mass-conservative numerical solution for the unsaturated flow
  equation},
  journal = {Water Resources Research},
  volume = {26},
  pages = {1483--1496},
  year = {1990}
}

@article{dalen1979,
  author = {V. Dalen},
  title = {Simplified finite-element models for reservoir flow problems},
  journal = {SPE J.},
  volume = {19},
  pages = {333--342},
  year = {1979}
}
